<record><leader>00000cas a22000007a 4500</leader><controlfield tag="001">16932479</controlfield><controlfield tag="008">871103d19241937nyuwr ne      0    0eng d</controlfield><datafield ind1=" " ind2=" " tag="010"><subfield code="a">sn 87070317 </subfield></datafield><datafield ind1=" " ind2=" " tag="040"><subfield code="a">NYS</subfield><subfield code="b">eng</subfield><subfield code="c">NYS</subfield><subfield code="d">OCLCQ</subfield><subfield code="d">OCLCF</subfield><subfield code="d">OCLCO</subfield></datafield><datafield ind1="1" ind2=" " tag="029"><subfield code="a">AU@</subfield><subfield code="b">000025795944</subfield></datafield><datafield ind1=" " ind2=" " tag="042"><subfield code="a">msc</subfield></datafield><datafield ind1=" " ind2=" " tag="043"><subfield code="a">n-us-ny</subfield></datafield><datafield ind1="0" ind2="4" tag="245"><subfield code="a">The Tupper Lake herald and Adirondack mountain press.</subfield></datafield><datafield ind1="1" ind2="3" tag="246"><subfield code="a">Herald and Adirondack mountain press</subfield></datafield><datafield ind1="1" ind2="3" tag="246"><subfield code="a">Herald-press</subfield></datafield><datafield ind1=" " ind2=" " tag="260"><subfield code="a">Tupper Lake, N.Y. :</subfield><subfield code="b">Louis C. Schleip,</subfield><subfield code="c">1924-</subfield></datafield><datafield ind1=" " ind2=" " tag="300"><subfield code="a">v.</subfield></datafield><datafield ind1=" " ind2=" " tag="310"><subfield code="a">Weekly</subfield></datafield><datafield ind1="0" ind2=" " tag="362"><subfield code="a">Vol. 28, no. 30 (July 25, 1924)-</subfield></datafield><datafield ind1="1" ind2=" " tag="362"><subfield code="a">Ceased in 1937?</subfield></datafield><datafield ind1=" " ind2=" " tag="588"><subfield code="a">Latest issue consulted: Vol. 41, no. 47A (Nov. 26, 1936).</subfield></datafield><datafield ind1=" " ind2="0" tag="651"><subfield code="a">Tupper Lake (N.Y.)</subfield><subfield code="v">Newspapers.</subfield></datafield><datafield ind1=" " ind2="0" tag="651"><subfield code="a">Franklin County (N.Y.)</subfield><subfield code="v">Newspapers.</subfield></datafield><datafield ind1=" " ind2="7" tag="655"><subfield code="a">Newspapers.</subfield><subfield code="2">fast</subfield><subfield code="0">(OCoLC)fst01423814</subfield></datafield><datafield ind1=" " ind2="7" tag="651"><subfield code="a">New York (State)</subfield><subfield code="z">Franklin County.</subfield><subfield code="2">fast</subfield><subfield code="0">(OCoLC)fst01212304</subfield></datafield><datafield ind1=" " ind2="7" tag="651"><subfield code="a">New York (State)</subfield><subfield code="z">Tupper Lake.</subfield><subfield code="2">fast</subfield><subfield code="0">(OCoLC)fst01231972</subfield></datafield><datafield ind1=" " ind2=" " tag="752"><subfield code="a">United States</subfield><subfield code="b">New York</subfield><subfield code="c">Franklin</subfield><subfield code="d">Tupper Lake.</subfield></datafield><datafield ind1="0" ind2="0" tag="780"><subfield code="t">Tupper Lake herald</subfield><subfield code="w">(DLC)sn 87070316</subfield><subfield code="w">(OCoLC)16932457</subfield></datafield><datafield ind1="0" ind2="7" tag="785"><subfield code="t">Tupper Lake free press</subfield><subfield code="w">(DLC)sn 87070372</subfield><subfield code="w">(OCoLC)16932492</subfield></datafield><datafield ind1="0" ind2="7" tag="785"><subfield code="t">Tupper Lake free press and Tupper Lake herald</subfield><subfield code="w">(DLC)sn 84031109</subfield><subfield code="w">(OCoLC)10886322</subfield></datafield></record>